% Introcuctions
@article{Peng_Sun2019LearnLargeFOV,
author = {Peng, Yifan and Sun, Qilin and Dun, Xiong and Wetzstein, Gordon and Heidrich, Wolfgang and Heide, Felix},
title = {Learned Large Field-of-View Imaging with Thin-Plate Optics},
year = {2019},
issue_date = {November 2019},
publisher = {Association for Computing Machinery},
address = {New York, NY, USA},
volume = {38},
number = {6},
issn = {0730-0301},
url = {https://doi.org/10.1145/3355089.3356526},
doi = {10.1145/3355089.3356526},
journal = {ACM Trans. Graph.},
month = nov,
articleno = {219},
numpages = {14},
keywords = {image deblurring, deep network, computational camera, thin optics}
}
@article{Sun2020EndSpad,
author = {Sun, Qilin and Zhang, Jian and Dun, Xiong and Ghanem, Bernard and Peng, Yifan and Heidrich, Wolfgang},
title = {End-to-End Learned, Optically Coded Super-Resolution SPAD Camera},
year = {2020},
issue_date = {April 2020},
publisher = {Association for Computing Machinery},
address = {New York, NY, USA},
volume = {39},number = {2},
issn = {0730-0301},
url = {https://doi.org/10.1145/3372261},
doi = {10.1145/3372261},
journal = {ACM Trans. Graph.},
month = mar,
articleno = {9},
numpages = {14},
keywords = {depth/transient imaging, super-resolution, diffractive optics, SPAD}
}
@InProceedings{Sun2020LearningRank1HDR,
author = {Sun, Qilin and Tseng, Ethan and Fu, Qiang and Heidrich, Wolfgang and Heide, Felix},
title = {Learning Rank-1 Diffractive Optics for Single-Shot High Dynamic Range Imaging},
booktitle = {Proceedings of the IEEE/CVF Conference on Computer Vision and Pattern Recognition (CVPR)},
month = {June},
year = {2020}
}
@InProceedings{Sun2018Depth,
author = {Sun, Qilin and Dun, Xiong and Peng, Yifan and Heidrich, Wolfgang},
title = {Depth and Transient Imaging With Compressive SPAD Array Cameras},
booktitle = {Proceedings of the IEEE Conference on Computer Vision and Pattern Recognition (CVPR)},
month = {June},
year = {2018}
}

% End Introductions
% end2end optics
@InProceedings{Metzler_2020_CVPR,
author = {Metzler, Christopher A. and Ikoma, Hayato and Peng, Yifan and Wetzstein, Gordon},
title = {Deep Optics for Single-Shot High-Dynamic-Range Imaging},
booktitle = {Proceedings of the IEEE/CVF Conference on Computer Vision and Pattern Recognition (CVPR)},
month = {June},
year = {2020}
}

@InProceedings{Chang_2019_ICCV,
author = {Chang, Julie and Wetzstein, Gordon},
title = {Deep Optics for Monocular Depth Estimation and 3D Object Detection},
booktitle = {Proceedings of the IEEE/CVF International Conference on Computer Vision (ICCV)},
month = {October},
year = {2019}
}
@article{Haim2018DepthEF,
  title={Depth Estimation From a Single Image Using Deep Learned Phase Coded Mask},
  author={Harel Haim and Shay Elmalem and Raja Giryes and Alex Bronstein and Emanuel Marom},
  journal={IEEE Transactions on Computational Imaging},
  year={2018},
  volume={4},
  pages={298-310}
}

@inproceedings{zhang2018single,
  title = {Single Image Reflection Separation with Perceptual Losses},
  author = {Zhang, Xuaner and Ng, Ren and Chen, Qifeng},
  booktitle = {IEEE Conference on Computer Vision and Pattern Recognition},
  year = {2018}
}
@article{He2018LearningDF,
  title={Learning Depth From Single Images With Deep Neural Network Embedding Focal Length},
  author={Lei He and Guanghui Wang and Zhanyi Hu},
  journal={IEEE Transactions on Image Processing},
  year={2018},
  volume={27},
  pages={4676-4689}
}

@article{Horstmeyer2017ConvolutionalNN,
  title={Convolutional neural networks that teach microscopes how to image},
  author={Roarke Horstmeyer and Richard Y. Chen and Barbara Kappes and Benjamin Judkewitz},
  journal={ArXiv},
  year={2017},
  volume={abs/1709.07223}
}
@inproceedings{kellman2019data,
  title={Data-Driven Design for Fourier Ptychographic Microscopy},
  author={Kellman, Michael and Bostan, Emrah and Chen, Michael and Waller, Laura},
  booktitle={2019 IEEE International Conference on Computational Photography (ICCP)},
  pages={1--8},
  year={2019},
  organization={IEEE}
}
@inproceedings{Nehme2019DenseTD,
  title={Dense three dimensional localization microscopy by deep learning},
  author={Elias Nehme and Daniel Freedman and Racheli Gordon and Boris Ferdman and Tomer Michaeli and Yoav Shechtman},
  year={2019}
}
@article{Shechtman2016MulticolourLM,
  title={Multicolour localization microscopy by point-spread-function engineering.},
  author={Yoav Shechtman and Lucien E Weiss and Adam S. Backer and Maurice Y. Lee and W E Moerner},
  journal={Nature photonics},
  year={2016},
  volume={10},
  pages={590-594}
}
% end2end optics

@article{Kalvach2016Aberration,
  title={Aberration-free flat lens design for a wide range of incident angles},
  author={Kalvach, Arnold and Szabó, Zsolt},
  journal={Journal of the Optical Society of America B},
  volume={33},
  number={2},
  pages={A66},
  year={2016},
}

@misc{ng2012correction,
  title={Correction of optical aberrations},
  author={Ng, Yi-Ren and Hanrahan, Patrick M and Horowitz, Mark A and Levoy, Marc S},
  year={2012},
  month=aug # "~14",
  publisher={Google Patents},
  note={US Patent 8,243,157}
}

@article{ng2005light,
  title={Light field photography with a hand-held plenoptic camera},
  author={Ng, Ren and Levoy, Marc and Br{\'e}dif, Mathieu and Duval, Gene and Horowitz, Mark and Hanrahan, Pat and others},
  year={2005}
}

@inproceedings{yuan2017multiscale,
  title={Multiscale gigapixel video: A cross resolution image matching and warping approach},
  author={Yuan, Xiaoyun and Fang, Lu and Dai, Qionghai and Brady, David J and Liu, Yebin},
  booktitle={2017 IEEE International Conference on Computational Photography (ICCP)},
  pages={1--9},
  year={2017},
  organization={IEEE}
}

@article{zhu2013design,
  title={Design method of surface contour for a freeform lens with wide linear field-of-view},
  author={Zhu, Jun and Yang, Tong and Jin, Guofan},
  journal={Optics express},
  volume={21},
  number={22},
  pages={26080--26092},
  year={2013},
  publisher={Optical Society of America}
}

@article{gilad2006fast,
  title={A fast algorithm for convolution integrals with space and time variant kernels},
  author={Gilad, Erez and Von Hardenberg, Jost},
  journal={Journal of Computational Physics},
  volume={216},
  number={1},
  pages={326--336},
  year={2006},
  publisher={Elsevier}
}

@inproceedings{levin20094d,
  title={4D frequency analysis of computational cameras for depth of field extension},
  author={Levin, Anat and Hasinoff, Samuel W and Green, Paul and Durand, Fr{\'e}do and Freeman, William T},
  booktitle={ACM Transactions on Graphics (TOG)},
  volume={28},
  number={3},
  pages={97},
  year={2009},
  organization={ACM}
}

@book{goodman2005introduction,
  title={Introduction to Fourier optics},
  author={Goodman, Joseph W},
  year={2005},
  publisher={Roberts and Company Publishers}
}


@inproceedings{shih2012image,
  title={Image enhancement using calibrated lens simulations},
  author={Shih, Yichang and Guenter, Brian and Joshi, Neel},
  booktitle={European Conference on Computer Vision},
  pages={42--56},
  year={2012},
  organization={Springer}
}

@article{peng2017mix,
  title={Mix-and-match holography},
  author={Peng, Yifan and Dun, Xiong and Sun, Qilin and Heidrich, Wolfgang},
  journal={ACM Transactions on Graphics (TOG)},
  volume={36},
  number={6},
  pages={191},
  year={2017},
  publisher={ACM}
}

@article{papas2012magic,
  title={The magic lens: refractive steganography.},
  author={Papas, Marios and Houit, Thomas and Nowrouzezahrai, Derek and Gross, Markus H and Jarosz, Wojciech},
  journal={ACM Trans. Graph.},
  volume={31},
  number={6},
  pages={186--1},
  year={2012},
  publisher={Citeseer}
}

@article{schwartzburg2014high,
  title={High-contrast computational caustic design},
  author={Schwartzburg, Yuliy and Testuz, Romain and Tagliasacchi, Andrea and Pauly, Mark},
  journal={ACM Transactions on Graphics (TOG)},
  volume={33},
  number={4},
  pages={74},
  year={2014},
  publisher={ACM}
}

@inproceedings{zoberbier2009wafer,
  title={Wafer level cameras—novel fabrication and packaging technologies},
  author={Zoberbier, Margarete and Hansen, Sven and Hennemeyer, Marc and T{\"o}nnies, Dietrich and Zoberbier, Ralph and Brehm, Markus and Kraft, Andreas and Eisner, Martin and V{\"o}lkel, Reinhard},
  booktitle={Int. Image Sens. Workshop},
  year={2009}
}

@misc{oliver2010imaging,
  title={Imaging module with symmetrical lens system and method of manufacture},
  author={Oliver, Steve and Lake, Rick and Hegde, Shashikant and Viens, Jeff and Duparre, Jacques},
  year={2010},
  month=may # "~4",
  publisher={Google Patents},
  note={US Patent 7,710,667}
}

@article{hasinoff2016burst,
  title={Burst photography for high dynamic range and low-light imaging on mobile cameras},
  author={Hasinoff, Samuel W and Sharlet, Dillon and Geiss, Ryan and Adams, Andrew and Barron, Jonathan T and Kainz, Florian and Chen, Jiawen and Levoy, Marc},
  journal={ACM Transactions on Graphics (TOG)},
  volume={35},
  number={6},
  pages={192},
  year={2016},
  publisher={ACM}
}

@article{brady2012multiscale,
  title={Multiscale gigapixel photography},
  author={Brady, David J and Gehm, Michael E and Stack, Ronald A and Marks, Daniel L and Kittle, David S and Golish, Dathon R and Vera, EM and Feller, Steven D},
  journal={Nature},
  volume={486},
  number={7403},
  pages={386},
  year={2012},
  publisher={Nature Publishing Group}
}

@article{stork2014optical,
  title={Optical, mathematical, and computational foundations of lensless ultra-miniature diffractive imagers and sensors},
  author={Stork, David G and Gill, Patrick R},
  journal={International Journal on Advances in Systems and Measurements},
  volume={7},
  number={3},
  pages={4},
  year={2014},
  publisher={Citeseer}
}

@article{fang2013manufacturing,
  title={Manufacturing and measurement of freeform optics},
  author={Fang, FZ and Zhang, XD and Weckenmann, A and Zhang, GX and Evans, C},
  journal={CIRP Annals},
  volume={62},
  number={2},
  pages={823--846},
  year={2013},
  publisher={Elsevier}
}

@book{boreman2001modulation,
  title={Modulation transfer function in optical and electro-optical systems},
  author={Boreman, Glenn D},
  volume={21},
  year={2001},
  publisher={SPIE press Bellingham, WA}
}

@inproceedings{johnson2016perceptual,
  title={Perceptual losses for real-time style transfer and super-resolution},
  author={Johnson, Justin and Alahi, Alexandre and Fei-Fei, Li},
  booktitle={European Conference on Computer Vision},
  pages={694--711},
  year={2016},
  organization={Springer}
}

@book{parker2010algorithms,
  title={Algorithms for image processing and computer vision},
  author={Parker, Jim R},
  year={2010},
  publisher={John Wiley \& Sons}
}

@article{wang2004image,
  title={Image quality assessment: from error visibility to structural similarity},
  author={Wang, Zhou and Bovik, Alan C and Sheikh, Hamid R and Simoncelli, Eero P},
  journal={IEEE transactions on image processing},
  volume={13},
  number={4},
  pages={600--612},
  year={2004},
  publisher={IEEE}
}

@inproceedings{mitra2014denoise,
  title={To denoise or deblur: parameter optimization for imaging systems},
  author={Mitra, Kaushik and Cossairt, Oliver and Veeraraghavan, Ashok},
  booktitle={Digital Photography X},
  volume={9023},
  pages={90230G},
  year={2014},
  organization={International Society for Optics and Photonics}
}

@book{raskar2009computational,
  title={Computational photography: mastering new techniques for lenses, lighting, and sensors},
  author={Raskar, Ramesh and Tumblin, Jack},
  year={2009},
  publisher={AK Peters, Ltd.}
}

@article{wu2013freeform,
  title={Freeform illumination design: a nonlinear boundary problem for the elliptic Monge--Amp{\'e}re equation},
  author={Wu, Rengmao and Xu, Liang and Liu, Peng and Zhang, Yaqin and Zheng, Zhenrong and Li, Haifeng and Liu, Xu},
  journal={Optics letters},
  volume={38},
  number={2},
  pages={229--231},
  year={2013},
  publisher={Optical Society of America}
}

@article{Chakrabarti2016LearningSM,
  title={Learning Sensor Multiplexing Design through Back-propagation},
  author={Ayan Chakrabarti},
  journal={ArXiv},
  year={2016},
  volume={abs/1605.07078}
}

@article{sitzmann2018end,
  title={End-to-end optimization of optics and image processing for achromatic extended depth of field and super-resolution imaging},
  author={Sitzmann, Vincent and Diamond, Steven and Peng, Yifan and Dun, Xiong and Boyd, Stephen and Heidrich, Wolfgang and Heide, Felix and Wetzstein, Gordon},
  journal={ACM Transactions on Graphics (TOG)},
  volume={37},
  number={4},
  pages={114},
  year={2018},
  publisher={ACM}
}

@article{kellman2018physics,
  title={Physics-based Learned Design: Optimized Coded-Illumination for Quantitative Phase Imaging},
  author={Kellman, Michael R and Bostan, Emrah and Repina, Nicole and Lustig, Michael and Waller, Laura},
  journal={arXiv preprint arXiv:1808.03571},
  year={2018}
}

@article{costa2018end,
  title={End-to-end adversarial retinal image synthesis},
  author={Costa, Pedro and Galdran, Adrian and Meyer, Maria Ines and Niemeijer, Meindert and Abr{\`a}moff, Michael and Mendon{\c{c}}a, Ana Maria and Campilho, Aur{\'e}lio},
  journal={IEEE transactions on medical imaging},
  volume={37},
  number={3},
  pages={781--791},
  year={2018},
  publisher={IEEE}
}

@inproceedings{ledig2017photo,
  title={Photo-Realistic Single Image Super-Resolution Using a Generative Adversarial Network},
  author={Ledig, Christian and Theis, Lucas and Husz{\'a}r, Ferenc and Caballero, Jose and Cunningham, Andrew and Acosta, Alejandro and Aitken, Andrew P and Tejani, Alykhan and Totz, Johannes and Wang, Zehan and others},
  booktitle={CVPR},
  volume={2},
  number={3},
  pages={4},
  year={2017}
}


@article{isola2017image,
  title={Image-to-image translation with conditional adversarial networks},
  author={Isola, Phillip and Zhu, Jun-Yan and Zhou, Tinghui and Efros, Alexei A},
  journal={arXiv preprint},
  year={2017}
}

@inproceedings{nah2017deep,
  title={Deep multi-scale convolutional neural network for dynamic scene deblurring},
  author={Nah, Seungjun and Kim, Tae Hyun and Lee, Kyoung Mu},
  booktitle={CVPR},
  volume={1},
  number={2},
  pages={3},
  year={2017}
}

@inproceedings{ronneberger2015u,
  title={U-net: Convolutional networks for biomedical image segmentation},
  author={Ronneberger, Olaf and Fischer, Philipp and Brox, Thomas},
  booktitle={International Conference on Medical image computing and computer-assisted intervention},
  pages={234--241},
  year={2015},
  organization={Springer}
}


@article{brooks2018unprocessing,
  title={Unprocessing Images for Learned Raw Denoising},
  author={Brooks, Tim and Mildenhall, Ben and Xue, Tianfan and Chen, Jiawen and Sharlet, Dillon and Barron, Jonathan T},
  journal={arXiv preprint arXiv:1811.11127},
  year={2018}
}

@article{kupyn2017deblurgan,
  title={DeblurGAN: Blind Motion Deblurring Using Conditional Adversarial Networks},
  author={Kupyn, Orest and Budzan, Volodymyr and Mykhailych, Mykola and Mishkin, Dmytro and Matas, Jiri},
  journal={arXiv preprint arXiv:1711.07064},
  year={2017}
}

@inproceedings{schuler2013machine,
  title={A machine learning approach for non-blind image deconvolution},
  author={Schuler, Christian J and Christopher Burger, Harold and Harmeling, Stefan and Scholkopf, Bernhard},
  booktitle={Proceedings of the IEEE Conference on Computer Vision and Pattern Recognition},
  pages={1067--1074},
  year={2013}
}

@inproceedings{xu2014deep,
  title={Deep convolutional neural network for image deconvolution},
  author={Xu, Li and Ren, Jimmy SJ and Liu, Ce and Jia, Jiaya},
  booktitle={Advances in Neural Information Processing Systems},
  pages={1790--1798},
  year={2014}
}

@inproceedings{son2017fast,
  title={Fast non-blind deconvolution via regularized residual networks with long/short skip-connections},
  author={Son, Hyeongseok and Lee, Seungyong},
  booktitle={Computational Photography (ICCP), 2017 IEEE International Conference on},
  pages={1--10},
  year={2017},
  organization={IEEE}
}

@article{zhang132017learning,
  title={Learning fully convolutional networks for iterative non-blind deconvolution},
  author={Zhang, Jiawei and Pan, Jinshan and Lai, Wei-Sheng and Lau, Rynson WH and Yang, Ming-Hsuan},
  year={2017}
}



@book{geary2002introduction,
  title={Introduction to lens design: with practical ZEMAX examples},
  author={Geary, Joseph M},
  year={2002},
  publisher={Willmann-Bell Richmond}
}

%%
@article{colburn2018metasurface,
  title={Metasurface optics for full-color computational imaging},
  author={Colburn, Shane and Zhan, Alan and Majumdar, Arka},
  journal={Science Advances},
  volume={4},
  number={2},
  pages={eaar2114},
  year={2018},
  publisher={American Association for the Advancement of Science}
}

@article{arbabi2015subwavelength,
  title={Subwavelength-thick lenses with high numerical apertures and large efficiency based on high-contrast transmitarrays},
  author={Arbabi, Amir and Horie, Yu and Ball, Alexander J and Bagheri, Mahmood and Faraon, Andrei},
  journal={Nature communications},
  volume={6},
  pages={7069},
  year={2015},
  publisher={Nature Publishing Group}
}

@article{byrnes2016designing,
  title={Designing large, high-efficiency, high-numerical-aperture, transmissive meta-lenses for visible light},
  author={Byrnes, Steven J and Lenef, Alan and Aieta, Francesco and Capasso, Federico},
  journal={Optics express},
  volume={24},
  number={5},
  pages={5110--5124},
  year={2016},
  publisher={Optical Society of America}
}

@inproceedings{talvala2007veiling,
  title={Veiling glare in high dynamic range imaging},
  author={Talvala, Eino-Ville and Adams, Andrew and Horowitz, Mark and Levoy, Marc},
  booktitle={ACM Transactions on Graphics (TOG)},
  volume={26},
  number={3},
  pages={37},
  year={2007},
  organization={ACM}
}

@article{heide2016encoded,
  title={Encoded diffractive optics for full-spectrum computational imaging},
  author={Heide, Felix and Fu, Qiang and Peng, Yifan and Heidrich, Wolfgang},
  journal={Scientific Reports},
  volume={6},
  year={2016},
  publisher={Nature Publishing Group}
}

@inproceedings{yuan2007image,
  title={Image deblurring with blurred/noisy image pairs},
  author={Yuan, Lu and Sun, Jian and Quan, Long and Shum, Heung-Yeung},
  booktitle={ACM Transactions on Graphics (TOG)},
  volume={26},
  number={3},
  pages={1},
  year={2007},
  organization={ACM}
}

@inproceedings{perrone2014total,
  title={Total variation blind deconvolution: The devil is in the details},
  author={Perrone, Daniele and Favaro, Paolo},
  booktitle={Proceedings of the IEEE Conference on Computer Vision and Pattern Recognition (CVPR)},
  pages={2909--2916},
  year={2014}
}


@article{khorasaninejad2016metalenses,
  title={Metalenses at visible wavelengths: Diffraction-limited focusing and subwavelength resolution imaging},
  author={Khorasaninejad, Mohammadreza and Chen, Wei Ting and Devlin, Robert C and Oh, Jaewon and Zhu, Alexander Y and Capasso, Federico},
  journal={Science},
  volume={352},
  number={6290},
  pages={1190--1194},
  year={2016},
  publisher={American Association for the Advancement of Science}
}

@inproceedings{raskar2006coded,
  title={Coded exposure photography: motion deblurring using fluttered shutter},
  author={Raskar, Ramesh and Agrawal, Amit and Tumblin, Jack},
  booktitle={ACM Transactions on Graphics (TOG)},
  volume={25},
  number={3},
  pages={795--804},
  year={2006},
  organization={ACM}
}


@inproceedings{yue2014hybrid,
  title={Hybrid image deblurring by fusing edge and power spectrum information},
  author={Yue, Tao and Cho, Sunghyun and Wang, Jue and Dai, Qionghai},
  booktitle={European Conference on Computer Vision},
  pages={79--93},
  year={2014},
  organization={Springer}
}


@article{antipa2018diffusercam,
  title={DiffuserCam: lensless single-exposure 3D imaging},
  author={Antipa, Nick and Kuo, Grace and Heckel, Reinhard and Mildenhall, Ben and Bostan, Emrah and Ng, Ren and Waller, Laura},
  journal={Optica},
  volume={5},
  number={1},
  pages={1--9},
  year={2018},
  publisher={Optical Society of America}
}




@book{fischer2000optical,
  title={Optical system design},
  author={Fischer, Robert Edward and Tadic-Galeb, Biljana and Yoder, Paul R and Galeb, Ranko},
  year={2000},
  publisher={McGraw Hill New York}
}

@book{kingslake2009lens,
  title={Lens design fundamentals},
  author={Kingslake, Rudolf and Johnson, R Barry},
  year={2009},
  publisher={Academic Press}
}

@book{smith1966modern,
  title={Modern optical engineering},
  author={Smith, Warren J},
  year={1966},
  publisher={Tata McGraw-Hill Education}
}


@article{o2004diffractive,
  title={Diffractive optics: design, fabrication, and test},
  author={O'Shea, Donald C and Suleski, Thomas J and Kathman, Alan D and Prather, Dennis W},
  year={2004},
  publisher={Spie Press Bellingham, WA}
}


@inproceedings{yue2015blind,
  title={Blind optical aberration correction by exploring geometric and visual priors},
  author={Yue, Tao and Suo, Jinli and Wang, Jue and Cao, Xun and Dai, Qionghai},
  booktitle={Proceedings of the IEEE Conference on Computer Vision and Pattern Recognition (CVPR)},
  pages={1684--1692},
  year={2015}
}


@article{pavani2009three,
  title={Three-dimensional, single-molecule fluorescence imaging beyond the diffraction limit by using a double-helix point spread function},
  author={Pavani, Sri Rama Prasanna and Thompson, Michael A and Biteen, Julie S and Lord, Samuel J and Liu, Na and Twieg, Robert J and Piestun, Rafael and Moerner, WE},
  journal={Proceedings of the National Academy of Sciences},
  volume={106},
  number={9},
  pages={2995--2999},
  year={2009},
  publisher={National Acad Sciences}
}

@article{harm2014dispersion,
  title={Dispersion tuning with a varifocal diffractive-refractive hybrid lens},
  author={Harm, Walter and Roider, Clemens and Jesacher, Alexander and Bernet, Stefan and Ritsch-Marte, Monika},
  journal={Optics Express},
  volume={22},
  number={5},
  pages={5260--5269},
  year={2014},
  publisher={Optical Society of America}
}

@article{asif2015flatcam,
  title={Flatcam: Thin, bare-sensor cameras using coded aperture and computation},
  author={Asif, M Salman and Ayremlou, Ali and Sankaranarayanan, Aswin and Veeraraghavan, Ashok and Baraniuk, Richard},
  journal={arXiv preprint arXiv:1509.00116},
  year={2015}
}

@article{gill2013odd,
  title={Odd-symmetry phase gratings produce optical nulls uniquely insensitive to wavelength and depth},
  author={Gill, Patrick R},
  journal={Optics Letters},
  volume={38},
  number={12},
  pages={2074--2076},
  year={2013},
  publisher={Optical Society of America}
}

@article{stork2013lensless,
  title={Lensless ultra-miniature CMOS computational imagers and sensors},
  author={Stork, David G and Gill, Patrick R},
  journal={Proc. SENSORCOMM},
  pages={186--190},
  year={2013}
}


@article{bernet2008adjustable,
  title={Adjustable refractive power from diffractive Moir{\'e} elements},
  author={Bernet, Stefan and Ritsch-Marte, Monika},
  journal={Applied Optics},
  volume={47},
  number={21},
  pages={3722--3730},
  year={2008},
  publisher={Optical Society of America}
}

@article{bernet2013demonstration,
  title={Demonstration of focus-tunable diffractive Moir{\'e}-lenses},
  author={Bernet, Stefan and Harm, Walter and Ritsch-Marte, Monika},
  journal={Optics Express},
  volume={21},
  number={6},
  pages={6955--6966},
  year={2013},
  publisher={Optical Society of America}
}


@article{barton2000diffractive,
  title={Diffractive Alvarez lens},
  author={Barton, Ian M and Dixit, Sham N and Summers, Leslie J and Thompson, Charles A and Avicola, Kenneth and Wilhelmsen, Julia},
  journal={Optics Letters},
  volume={25},
  number={1},
  pages={1--3},
  year={2000},
  publisher={Optical Society of America}
}

@article{grewe2014aberration,
  title={Aberration analysis of optimized Alvarez--Lohmann lenses},
  author={Grewe, Adrian and Hillenbrand, Matthias and Sinzinger, Stefan},
  journal={Applied Optics},
  volume={53},
  number={31},
  pages={7498--7506},
  year={2014},
  publisher={Optical Society of America}
}


@article{mcleod1954axicon,
  title={The axicon: a new type of optical element},
  author={McLeod, John H},
  journal={Journal of OSA},
  volume={44},
  number={8},
  pages={592--597},
  year={1954},
  publisher={Optical Society of America}
}

@article{cathey2002new,
  title={New paradigm for imaging systems},
  author={Cathey, W Thomas and Dowski, Edward R},
  journal={Applied Optics},
  volume={41},
  number={29},
  pages={6080--6092},
  year={2002},
  publisher={Optical Society of America}
}

@phdthesis{ho2008nonnegative,
  title={Nonnegative matrix factorization algorithms and applications},
  author={Ho, Ngoc-Diep},
  year={2008},
  school={PhD thesis, Universit{\'e} catholique de Louvain}
}

@inproceedings{lee2001algorithms,
  title={Algorithms for non-negative matrix factorization},
  author={Lee, Daniel D and Seung, H Sebastian},
  booktitle={Advances in neural information processing systems},
  pages={556--562},
  year={2001}
}

@article{hoyer2004non,
  title={Non-negative matrix factorization with sparseness constraints},
  author={Hoyer, Patrik O},
  journal={Journal of Machine Learning Research},
  volume={5},
  number={Nov},
  pages={1457--1469},
  year={2004}
}

@article{hasinoff2011light,
  title={Light-efficient photography},
  author={Hasinoff, Samuel W and Kutulakos, Kiriakos N},
  journal={IEEE Transactions on Pattern Analysis and Machine Intelligence},
  volume={33},
  number={11},
  pages={2203--2214},
  year={2011},
  publisher={IEEE}
}

@book{fowles1975introduction,
  title={Introduction to modern optics},
  author={Fowles, Grant R},
  year={1975},
  publisher={Courier Corporation}
}

@article{sliusarev1984aberration,
  title={Aberration and optical design theory},
  author={Sliusarev, Georgii Georgievich},
  journal={Bristol, England, Adam Hilger, Ltd., 1984, 672 p. Translation.},
  year={1984}
}

@book{malacara2016handbook,
  title={Handbook of optical design},
  author={Malacara-Hern{\'a}ndez, Daniel and Malacara-Hern{\'a}ndez, Zacar{\'\i}as},
  year={2016},
  publisher={CRC Press}
}

@article{heide2013high,
  title={High-quality computational imaging through simple lenses},
  author={Heide, Felix and Rouf, Mushfiqur and Hullin, Matthias B and Labitzke, Bjorn and Heidrich, Wolfgang and Kolb, Andreas},
  journal={ACM Transactions on Graphics (TOG)},
  volume={32},
  number={5},
  pages={149},
  year={2013},
  publisher={ACM}
}

@article{bernet2013demonstration,
  title={Demonstration of focus-tunable diffractive Moir{\'e}-lenses},
  author={Bernet, Stefan and Harm, Walter and Ritsch-Marte, Monika},
  journal={Optics Express},
  volume={21},
  number={6},
  pages={6955--6966},
  year={2013},
  publisher={Optical Society of America}
}


@article{tucker1999extended,
  title={Extended depth of field and aberration control for inexpensive digital microscope systems},
  author={Tucker, Sara C and Cathey, W Thomas and Dowski, Edward R},
  journal={Optics Express},
  volume={4},
  number={11},
  pages={467--474},
  year={1999},
  publisher={Optical Society of America}
}

@article{elkind2003optical,
  title={Optical transfer function shaping and depth of focus by using a phase only filter},
  author={Elkind, Dina and Zalevsky, Zeev and Levy, Uriel and Mendlovic, David},
  journal={Applied Optics},
  volume={42},
  number={11},
  pages={1925--1931},
  year={2003},
  publisher={Optical Society of America}
}

@inproceedings{trouve2013design,
  title={Design of a chromatic 3D camera with an end-to-end performance model approach},
  author={Trouve, Pauline and Champagnat, Fr{\'e}d{\'e}ric and Besnerais, G and Druart, Guillaume and Idier, J{\'e}r{\^o}me},
  booktitle={Proceedings of the IEEE Conference on Computer Vision and Pattern Recognition workshops},
  pages={953--960},
  year={2013}
}

@article{ogura2001wavelength,
  title={Wavelength-multiplexing diffractive phase elements: design, fabrication, and performance evaluation},
  author={Ogura, Yusuke and Shirai, Nobuhiro and Tanida, Jun and Ichioka, Yoshiki},
  journal={Journal of OSA A},
  volume={18},
  number={5},
  pages={1082--1092},
  year={2001},
  publisher={Optical Society of America}
}

@inproceedings{nakai2002research,
  title={Research on multi-layer diffractive optical elements and their application to camera lenses},
  author={Nakai, Takehiko and Ogawa, Hideki},
  booktitle={Diffractive Optics and Micro-Optics},
  pages={DMA2},
  year={2002},
  organization={OSA}
}


@inproceedings{gill2013lensless,
  title={Lensless ultra-miniature imagers using odd-symmetry spiral phase gratings},
  author={Gill, Patrick R and Stork, David G},
  booktitle={Computational Optical Sensing and Imaging},
  pages={CW4C--3},
  year={2013},
  organization={Optical Society of America}
}

@article{kitamura2004reconstruction,
  title={Reconstruction of a high-resolution image on a compound-eye image-capturing system},
  author={Kitamura, Yoshiro and Shogenji, Rui and Yamada, Kenji and Miyatake, Shigehiro and Miyamoto, Masaru and Morimoto, Takashi and Masaki, Yasuo and Kondou, Noriyuki and Miyazaki, Daisuke and Tanida, Jun and others},
  journal={Applied Optics},
  volume={43},
  number={8},
  pages={1719--1727},
  year={2004},
  publisher={Optical Society of America}
}

@inproceedings{nikonorov2015fresnel,
  title={Fresnel lens imaging with post-capture image processing},
  author={Nikonorov, Artem and Skidanov, Roman and Fursov, Vladimir and Petrov, Maksim and Bibikov, Sergey and Yuzifovich, Yuriy},
  booktitle={Proceedings of the IEEE Conference on Computer Vision and Pattern Recognition (CVPR) Workshops},
  pages={33--41},
  year={2015}
}


@inproceedings{joshi2009image,
  title={Image deblurring and denoising using color priors},
  author={Joshi, Neel and Zitnick, C Lawrence and Szeliski, Richard and Kriegman, David J},
  booktitle={Computer Vision and Pattern Recognition (CVPR), 2009. IEEE Conference on},
  pages={1550--1557},
  year={2009},
  organization={IEEE}
}

@inproceedings{yuan2008progressive,
  title={Progressive inter-scale and intra-scale non-blind image deconvolution},
  author={Yuan, Lu and Sun, Jian and Quan, Long and Shum, Heung-Yeung},
  booktitle={Acm Transactions on Graphics (TOG)},
  volume={27},
  number={3},
  pages={74},
  year={2008},
  organization={ACM}
}

@inproceedings{chung2009detecting,
  title={Detecting and eliminating chromatic aberration in digital images},
  author={Chung, Soon-Wook and Kim, Byoung-Kwang and Song, Woo-Jin},
  booktitle={Image Processing (ICIP), 16th IEEE International Conference on},
  pages={3905--3908},
  year={2009},
  organization={IEEE}
}

@techreport{swanson1991binary,
  title={Binary optics technology: theoretical limits on the diffraction efficiency of multilevel diffractive optical elements},
  author={Swanson, Gary J},
  year={1991},
  institution={Massachusetts Insititute of Tech Lexington Lincoln Lab}
}

@misc{meyers1998hybrid,
  title={Hybrid refractive/diffractive achromatic camera lens},
  author={Meyers, Mark M},
  year={1998},
  month=feb # "~3",
  publisher={Google Patents},
  note={US Patent 5,715,091}
}

@article{heide2014flexisp,
  title={Flexisp: A flexible camera image processing framework},
  author={Heide, Felix and Steinberger, Markus and Tsai, Yun-Ta and Rouf, Mushfiqur and Paj{\k{a}}k, Dawid and Reddy, Dikpal and Gallo, Orazio and Liu, Jing and Heidrich, Wolfgang and Egiazarian, Karen and others},
  journal={ACM Transactions on Graphics (TOG)},
  volume={33},
  number={6},
  pages={231},
  year={2014},
  publisher={ACM}
}

@article{duoshu2011fabrication,
  title={Fabrication technology of the centrosymmetric continuous relief diffractive optical elements},
  author={Duoshu, Wang and Luo, Chongtai and Xiong, Yuqing and Chen, Tao and Liu, Hongkai and Wang, Jizhou},
  journal={Physics Procedia},
  volume={18},
  pages={95--99},
  year={2011},
  publisher={Elsevier}
}

@article{zhou2013fabrication,
  title={Fabrication of continuous diffractive optical elements using a fast tool servo diamond turning process},
  author={Zhou, Jingbo and Li, Lei and Naples, Neil and Sun, Tao and Allen, Y Yi},
  journal={Journal of Micromechanics and Microengineering},
  volume={23},
  number={7},
  pages={075010},
  year={2013},
  publisher={IOP Publishing}
}

@inproceedings{cossairt2010spectral,
  title={Spectral focal sweep: Extended depth of field from chromatic aberrations},
  author={Cossairt, Oliver and Nayar, Shree},
  booktitle={Computational Photography (ICCP), IEEE International Conference on},
  pages={1--8},
  year={2010},
  organization={IEEE}
}

@article{sweeney1995harmonic,
  title={Harmonic diffractive lenses},
  author={Sweeney, Donald W and Sommargren, Gary E},
  journal={Applied Optics},
  volume={34},
  number={14},
  pages={2469--2475},
  year={1995},
  publisher={Optical Society of America}
}

@article{blanche2010holographic,
  title={Holographic three-dimensional telepresence using large-area photorefractive polymer},
  author={Blanche, P-A and Bablumian, A and Voorakaranam, R and Christenson, C and Lin, W and Gu, T and Flores, D and Wang, P and Hsieh, W-Y and Kathaperumal, M and others},
  journal={Nature},
  volume={468},
  number={7320},
  pages={80--83},
  year={2010},
  publisher={Nature Research}
}

@article{williamson1983light,
  title={Light and color in nature and art},
  author={Williamson, Samuel J and Cummins, Herman Z},
  journal={Light and Color in Nature and Art, by Samuel J. Williamson, Herman Z. Cummins, pp. 512. ISBN 0-471-08374-7. Wiley-VCH, February 1983.},
  pages={512},
  year={1983}
}

@article{chambolle2011first,
  title={A first-order primal-dual algorithm for convex problems with applications to imaging},
  author={Chambolle, Antonin and Pock, Thomas},
  journal={Journal of Mathematical Imaging and Vision},
  volume={40},
  number={1},
  pages={120--145},
  year={2011},
  publisher={Springer}
}

@article{boyd2011distributed,
  title={Distributed optimization and statistical learning via the alternating direction method of multipliers},
  author={Boyd, Stephen and Parikh, Neal and Chu, Eric and Peleato, Borja and Eckstein, Jonathan},
  journal={Foundations and Trends{\textregistered} in Machine Learning},
  volume={3},
  number={1},
  pages={1--122},
  year={2011},
  publisher={Now Publishers Inc.}
}

@article{parikh2014proximal,
  title={Proximal algorithms},
  author={Parikh, Neal and Boyd, Stephen and others},
  journal={Foundations and Trends{\textregistered} in Optimization},
  volume={1},
  number={3},
  pages={127--239},
  year={2014},
  publisher={Now Publishers, Inc.}
}

@article{goldstein2009split,
  title={The Split Bregman method for L1-regularized problems},
  author={Goldstein, Tom and Osher, Stanley},
  journal={SIAM Journal on Imaging Sciences},
  volume={2},
  number={2},
  pages={323--343},
  year={2009},
  publisher={SIAM}
}

@article{geman1995nonlinear,
  title={Nonlinear image recovery with half-quadratic regularization},
  author={Geman, Donald and Yang, Chengda},
  journal={IEEE Transactions on Image Processing},
  volume={4},
  number={7},
  pages={932--946},
  year={1995},
  publisher={IEEE}
}

@phdthesis{heide2016structure,
  title={Structure-aware computational imaging},
  author={Heide, Felix},
  year={2016},
  school={The University of British Columbia}
}

@article{milanfar2013tour,
  title={A tour of modern image filtering: New insights and methods, both practical and theoretical},
  author={Milanfar, Peyman},
  journal={IEEE Signal Processing Magazine},
  volume={30},
  number={1},
  pages={106--128},
  year={2013},
  publisher={IEEE}
}

@book{gauss1843dioptrische,
  title={Dioptrische Untersuchungen von CF Gauss},
  author={Gauss, Carl Friedrich},
  year={1843},
  publisher={in der Dieterichschen Buchhandlung}
}


@article{seidel1857ueber,
  title={Ueber die theorie der fehler},
  author={Seidel, L},
  journal={mit welchen die durch optische Instrumente gesehenen Bilder behaftet sind, und {\"u}ber die mathematischen Bedingungen ihrer Aufhebung. Abhandlungen der Naturwissenschaftlich-Technischen Commission bei der K{\"o}nigl. Bayerischen Akademie der Wissenschaften in M{\"u}nchen. Cotta},
  volume={2},
  pages={4},
  year={1857}
}

@book{wyszecki1982color,
  title={Color science},
  author={Wyszecki, Gunter and Stiles, Walter Stanley},
  volume={8},
  year={1982},
  publisher={Wiley New York}
}

@article{dabov2007image,
  title={Image denoising by sparse 3-D transform-domain collaborative filtering},
  author={Dabov, Kostadin and Foi, Alessandro and Katkovnik, Vladimir and Egiazarian, Karen},
  journal={IEEE Transactions on Image Processing},
  volume={16},
  number={8},
  pages={2080--2095},
  year={2007},
  publisher={IEEE}
}

@inproceedings{levin2009understanding,
  title={Understanding and evaluating blind deconvolution algorithms},
  author={Levin, Anat and Weiss, Yair and Durand, Fredo and Freeman, William T},
  booktitle={Computer Vision and Pattern Recognition (CVPR), 2009. IEEE Conference on},
  pages={1964--1971},
  year={2009},
  organization={IEEE}
}

@inproceedings{xiao2016learning,
  title={Learning High-Order Filters for Efficient Blind Deconvolution of Document Photographs},
  author={Xiao, Lei and Wang, Jue and Heidrich, Wolfgang and Hirsch, Michael},
  booktitle={European Conference on Computer Vision},
  pages={734--749},
  year={2016},
  organization={Springer}
}

@article{rudin1992nonlinear,
  title={Nonlinear total variation based noise removal algorithms},
  author={Rudin, Leonid I and Osher, Stanley and Fatemi, Emad},
  journal={Physica D: Nonlinear Phenomena},
  volume={60},
  number={1-4},
  pages={259--268},
  year={1992},
  publisher={Elsevier}
}

@article{quirin2013depth,
  title={Depth estimation and image recovery using broadband, incoherent illumination with engineered point spread functions [Invited]},
  author={Quirin, Sean and Piestun, Rafael},
  journal={Applied Optics},
  volume={52},
  number={1},
  pages={A367--A376},
  year={2013},
  publisher={Optical Society of America}
}

@inproceedings{muzychenko2011fractal,
  title={Fractal diffraction elements with variable transmittance and phase shift},
  author={Muzychenko, Ya B and Zinchik, AA and Stafeev, SC and Tomilin, MG},
  booktitle={International Commission for Optics (ICO 22)},
  pages={80112F--80112F},
  year={2011},
  organization={International Society for Optics and Photonics}
}

@article{peng2015computational,
  title={Computational imaging using lightweight diffractive-refractive optics},
  author={Peng, Yifan and Fu, Qiang and Amata, Hadi and Su, Shuochen and Heide, Felix and Heidrich, Wolfgang},
  journal={Optics Express},
  volume={23},
  number={24},
  pages={31393--31407},
  year={2015},
  publisher={Optical Society of America}
}

@article{kang2010achromatic,
  title={Achromatic phase retarder applied to MWIR \& LWIR dual-band},
  author={Kang, Guoguo and Tan, Qiaofeng and Wang, Xiaoling and Jin, Guofan},
  journal={Optics Express},
  volume={18},
  number={2},
  pages={1695--1703},
  year={2010},
  publisher={Optical Society of America}
}


@article{su2014corruptive,
  title={Corruptive Artifacts Suppression for Example-Based Color Transfer},
  author={Su, Zhuo and Zeng, Kun and Liu, Li and Li, Bo and Luo, Xiaonan},
  journal={IEEE Transactions on Multimedia},
  volume={16},
  number={4},
  pages={988--999},
  year={2014},
  publisher={IEEE}
}

@inproceedings{rougeron1998color,
  title={Color fidelity in computer graphics: A survey},
  author={Rougeron, Gilles and P{\'e}roche, Bernard},
  booktitle={Computer Graphics Forum},
  volume={17},
  number={1},
  pages={3--15},
  year={1998},
  organization={Wiley Online Library}
}

% Journal of Imaging Science and Technology
@article{yamaguchi2008beyond,
  title={Beyond red--green--blue (rgb): Spectrum-based color imaging technology},
  author={Yamaguchi, Masahiro and Haneishi, Hideaki and Ohyama, Nagaaki},
  journal={JIST},
  volume={52},
  number={1},
  pages={10201--1},
  year={2008},
  publisher={Society for Imaging Science and Technology}
}
% not used

@article{aieta2012aberration,
  title={Aberration-free ultrathin flat lenses and axicons at telecom wavelengths based on plasmonic metasurfaces},
  author={Aieta, Francesco and Genevet, Patrice and Kats, Mikhail A and Yu, Nanfang and Blanchard, Romain and Gaburro, Zeno and Capasso, Federico},
  journal={Nano Letters},
  volume={12},
  number={9},
  pages={4932--4936},
  year={2012},
  publisher={ACS Publications}
}

@article{wang2015ultra,
  title={Ultra-high-sensitivity color imaging via a transparent diffractive-filter array and computational optics},
  author={Wang, Peng and Menon, Rajesh},
  journal={Optica},
  volume={2},
  number={11},
  pages={933--939},
  year={2015},
  publisher={Optical Society of America}
}

@inproceedings{skauli2013collection,
  title={A collection of hyperspectral images for imaging systems research},
  author={Skauli, Torbj{\o}rn and Farrell, Joyce},
  booktitle={Proc. IS\&T/SPIE Electronic Imaging},
  pages={86600C--86600C},
  year={2013},
  organization={SPIE}
}

@inproceedings{chakrabarti2011statistics,
  title={Statistics of Real-World Hyperspectral Images},
  author={Chakrabarti, A. and Zickler, T.},
  booktitle={Proc. Computer Vision and Pattern Recognization},
  pages={193--200},
  year={2011},
  organization={IEEE}
}

@inproceedings{monjur2015ultra,
  title={Ultra-miniature, computationally efficient diffractive visual-bar-position sensor},
  author={Monjur, Mehjabin and Spinoulas, Leonidas and Gill, Patrick R and Stork, David G},
  booktitle={Proc. SensorComm},
  year={2015},
  organization={IEIFSA}
}

@article{wang2016chromatic,
  title={Chromatic-aberration-corrected diffractive lenses for ultra-broadband focusing},
  author={Wang, Peng and Mohammad, Nabil and Menon, Rajesh},
  journal={Scientific Reports},
  volume={6},
  year={2016},
  publisher={Nature Publishing Group}
}

%
@article{aieta2015multiwavelength,
  title={Multiwavelength achromatic metasurfaces by dispersive phase compensation},
  author={Aieta, Francesco and Kats, Mikhail A and Genevet, Patrice and Capasso, Federico},
  journal={Science},
  volume={347},
  number={6228},
  pages={1342--1345},
  year={2015},
  publisher={American Association for the Advancement of Science}
}

@article{singh2014broadband,
  title={Broadband beam shaping with harmonic diffractive optics},
  author={Singh, Manisha and Tervo, Jani and Turunen, Jari},
  journal={Optics Express},
  volume={22},
  number={19},
  pages={22680--22688},
  year={2014},
  publisher={Optical Society of America}
}

@article{kim2012design,
  title={Design and analysis of multi-wavelength diffractive optics},
  author={Kim, Ganghun and Dom{\'\i}nguez-Caballero, Jos{\'e} A and Menon, Rajesh},
  journal={Optics Express},
  volume={20},
  number={3},
  pages={2814--2823},
  year={2012},
  publisher={Optical Society of America}
}

@article{wang2003achromatic,
  title={Achromatic Fresnel optics for wideband extreme-ultraviolet and X-ray imaging},
  author={Wang, Yuxin and Yun, Wenbing and Jacobsen, Chris},
  journal={Nature},
  volume={424},
  number={6944},
  pages={50--53},
  year={2003},
  publisher={Nature Publishing Group}
}

% not used
@article{arieli1998design,
  title={Design of diffractive optical elements for multiple wavelengths},
  author={Arieli, Yoel and Noach, Salman and Ozeri, Shmuel and Eisenberg, Naftali},
  journal={Appl. Opt.},
  volume={37},
  number={26},
  pages={6174--6177},
  year={1998},
  publisher={Optical Society of America}
}

% not used
@article{xue2010design,
  title={Design of multilayer diffractive optical elements with polychromatic integral diffraction efficiency},
  author={Xue, Changxi and Cui, Qingfeng},
  journal={Optics Letters},
  volume={35},
  number={7},
  pages={986--988},
  year={2010},
  publisher={Optical Society of America}
}

% not used
@article{thibault2012maximum,
  title={Maximum-likelihood refinement for coherent diffractive imaging},
  author={Thibault, P and Guizar-Sicairos, M},
  journal={New Journal of Physics},
  volume={14},
  number={6},
  pages={063004},
  year={2012},
  publisher={IOP Publishing}
}

% not used
@article{d2015generalized,
  title={Generalized Fourier Holography Meets Coherent Diffractive Imaging},
  author={D’Alfonso, AJ and Martin, AV and Morgan, AJ and Wang, P and Sawada, H and Kirkland, AI and Allen, LJ},
  journal={Microscopy Today},
  volume={23},
  number={01},
  pages={28--33},
  year={2015},
  publisher={Cambridge University Press}
}

% not used
@article{takada2012fast,
  title={Fast high-resolution computer-generated hologram computation using multiple graphics processing unit cluster system},
  author={Takada, Naoki and Shimobaba, Tomoyoshi and Nakayama, Hirotaka and Shiraki, Atsushi and Okada, Naohisa and Oikawa, Minoru and Masuda, Nobuyuki and Ito, Tomoyoshi},
  journal={Applied Optics},
  volume={51},
  number={30},
  pages={7303--7307},
  year={2012},
  publisher={Optical Society of America}
}

@article{jiang2013novel,
  title={A novel hybrid algorithm for the design of the phase diffractive optical elements for beam shaping},
  author={Jiang, Wenbo and Wang, Jun and Dong, Xiucheng},
  journal={Optics Laser Technology},
  volume={45},
  pages={37--41},
  year={2013},
  publisher={Elsevier}
}

@article{zhou1999genetic,
  title={Genetic local search algorithm for optimization design of diffractive optical elements},
  author={Zhou, Guangya and Chen, Yixin and Wang, Zongguang and Song, Hongwei},
  journal={Applied Optics},
  volume={38},
  number={20},
  pages={4281--4290},
  year={1999},
  publisher={Optical Society of America}
}

@article{ye2014toward,
  title={Toward BxDF display using multilayer diffraction},
  author={Ye, Genzhi and Jolly, Sundeep and Bove Jr, V Michael and Dai, Qionghai and Raskar, Ramesh and Wetzstein, Gordon},
  journal={ACM Transactions on Graphics (TOG)},
  volume={33},
  number={6},
  pages={191},
  year={2014},
  publisher={ACM}
}

@inproceedings{eberhart2001particle,
  title={Particle swarm optimization: developments, applications and resources},
  author={Eberhart, Russell C and Shi, Yuhui},
  booktitle={Proc. of Congress on Evolutionary Computation},
  pages={81--86},
  year={2001},
  organization={IEEE}
}


% not used
@book{sasian2013introduction,
  title={Introduction to aberrations in optical imaging systems},
  author={Sasi{\'a}n, Jos{\'e}},
  year={2013},
  publisher={Cambridge University Press}
}


% not used
@article{tucker1999extended,
  title={Extended depth of field and aberration control for inexpensive digital microscope systems},
  author={Tucker, Sara and Cathey, W Thomas and Dowski Jr, Edward and others},
  journal={Optics Express},
  volume={4},
  number={11},
  pages={467--474},
  year={1999},
  publisher={Optical Society of America}
}




% not used
@article{jesacher2014colour,
  title={Colour hologram projection with an SLM by exploiting its full phase modulation range},
  author={Jesacher, Alexander and Bernet, Stefan and Ritsch-Marte, Monika},
  journal={Optics Express},
  volume={22},
  number={17},
  pages={20530--20541},
  year={2014},
  publisher={Optical Society of America}
}
% not used
@article{bernet2013demonstration,
  title={Demonstration of focus-tunable diffractive Moir{\'e}-lenses},
  author={Bernet, Stefan and Harm, Walter and Ritsch-Marte, Monika},
  journal={Optics Express},
  volume={21},
  number={6},
  pages={6955--6966},
  year={2013},
  publisher={Optical Society of America}
}



@article{mikula2007imaging,
  title={Imaging with extended focal depth by means of lenses with radial and angular modulation},
  author={Mikula, G and Jaroszewicz, Z and Kolodziejczyk, A and Petelczyc, K and Sypek, M},
  journal={Optics Express},
  volume={15},
  number={15},
  pages={9184--9193},
  year={2007},
  publisher={Optical Society of America}
}

@article{mikula2005diffractive,
  title={Diffractive elements for imaging with extended depth of focus},
  author={Miku{\l}a, Grzegorz and Kolodziejczyk, Andrzej and Makowski, Micha{\l} and Prokopowicz, Czes{\l}aw and Sypek, Maciej},
  journal={Optical Engineering},
  volume={44},
  number={5},
  pages={058001--058001},
  year={2005},
  publisher={International Society for Optics and Photonics}
}


%%% Applied Optics Related...

@book{smith2005modern,
  title={Modern lens design},
  author={Smith, Warren J.},
  year={2005},
  publisher={McGraw-Hill}
}
% not used
@book{fowles2012introduction,
  title={Introduction to modern optics},
  author={Fowles, Grant R},
  year={2012},
  publisher={Courier Dover Publications},
}

@inproceedings{krishnan2011blind,
  title={Blind deconvolution using a normalized sparsity measure},
  author={Krishnan, Dilip and Tay, Terence and Fergus, Rob},
  booktitle={Proc. Computer Vision and Pattern Recognition},
  pages={233--240},
  year={2011},
  organization={IEEE}
}


@inproceedings{krishnan2009fast,
  title={Fast image deconvolution using hyper-Laplacian priors},
  author={Krishnan, Dilip and Fergus, Rob},
  booktitle={Advances in Neural Information Processing Systems},
  pages={1033--1041},
  year={2009},
  organization={NIPS}
}
% not used
@inproceedings{cho2011handling,
  title={Handling outliers in non-blind image deconvolution},
  author={Cho, Sunghyun and Wang, Jue and Lee, Seungyong},
  booktitle={Computer Vision (ICCV), 2011 IEEE International Conference on},
  pages={495--502},
  year={2011},
  organization={IEEE}
}


% not used
@inproceedings{cho2009fast,
  title={Fast motion deblurring},
  author={Cho, Sunghyun and Lee, Seungyong},
  booktitle={ACM Transactions on Graphics (TOG)},
  volume={28},
  number={5},
  pages={145},
  year={2009},
  organization={ACM}
}


@inproceedings{joshi2008psf,
  title={PSF estimation using sharp edge prediction},
  author={Joshi, Neel and Szeliski, Richard and Kriegman, David},
  booktitle={Proc. Computer Vision and Pattern Recognization (CVPR)},
  pages={1--8},
  year={2008},
  organization={IEEE}
}

% not used
@inproceedings{yuan2007image,
  title={Image deblurring with blurred/noisy image pairs},
  author={Yuan, Lu and Sun, Jian and Quan, Long and Shum, Heung-Yeung},
  booktitle={ACM Transactions on Graphics (TOG)},
  volume={26},
  number={3},
  pages={1},
  year={2007},
  organization={ACM}
}

@inproceedings{goldluecke2011introducing,
  title={Introducing total curvature for image processing},
  author={Goldluecke, Bastian and Cremers, Daniel},
  booktitle={Computer Vision (ICCV), IEEE International Conference on},
  pages={1267--1274},
  year={2011},
  organization={IEEE}
}


@article{chan2011augmented,
  title={An augmented Lagrangian method for total variation video restoration},
  author={Chan, Stanley H and Khoshabeh, Ramsin and Gibson, Kristofor B and Gill, Philip E and Nguyen, Truong Q},
  journal={IEEE Transactions Image Processing (TIP)},
  volume={20},
  number={11},
  pages={3097--3111},
  year={2011},
  publisher={IEEE}
}


@article{chou1996nanoimprint,
  title={Nanoimprint lithography},
  author={Chou, Stephen Y and Krauss, Peter R and Renstrom, Preston J},
  journal={Journal of Vacuum Science \& Technology B: Microelectronics and Nanometer Structures Processing, Measurement, and Phenomena},
  volume={14},
  number={6},
  pages={4129--4133},
  year={1996},
  publisher={AVS}
}

@article{wang2015ultra,
  title={Ultra-high-sensitivity color imaging via a transparent diffractive-filter array and computational optics},
  author={Wang, Peng and Menon, Rajesh},
  journal={Optica},
  volume={2},
  number={11},
  pages={933--939},
  year={2015},
}



@article{ahn2009large,
  title={Large-area roll-to-roll and roll-to-plate nanoimprint lithography: a step toward high-throughput application of continuous nanoimprinting},
  author={Ahn, Se Hyun and Guo, L Jay},
  journal={ACS Nano},
  volume={3},
  number={8},
  pages={2304--2310},
  year={2009},
}

@article{hoskinson2010light,
  title={Light reallocation for high contrast projection using an analog micromirror array},
  author={Hoskinson, Reynald and Stoeber, Boris and Heidrich, Wolfgang and Fels, Sidney},
  journal={ACM Transactions on Graphics (TOG)},
  volume={29},
  number={6},
  pages={165},
  year={2010},
}

@article{damberg2016high,
  title={High Brightness HDR Projection Using Dynamic Freeform Lensing},
  author={Damberg, Gerwin and Gregson, James and Heidrich, Wolfgang},
  journal={ACM Transactions on Graphics (TOG)},
  volume={35},
  number={3},
  pages={24},
  year={2016},
}


%%%%%%%%%%%%
@inproceedings{sun2017revisiting,
  title={Revisiting Cross-channel Information Transfer for Chromatic Aberration Correction},
  author={Sun, Tiancheng and Peng, Yifan and Heidrich, Wolfgang},
  booktitle={Proc. International Conference on Computer Vision (ICCV)},
  pages={3248--3256},
  year={2017}
}


@article{genevet2017recent,
  title={Recent advances in planar optics: from plasmonic to dielectric metasurfaces},
  author={Genevet, Patrice and Capasso, Federico and Aieta, Francesco and Khorasaninejad, Mohammadreza and Devlin, Robert},
  journal={Optica},
  volume={4},
  number={1},
  pages={139--152},
  year={2017}
}


%%%%

@article{levin2007image,
  title={Image and depth from a conventional camera with a coded aperture},
  author={Levin, Anat and Fergus, Rob and Durand, Fr{\'e}do and Freeman, William T},
  journal={ACM Transactions on Graphics (TOG)},
  volume={26},
  number={3},
  pages={70},
  year={2007}
}

@inproceedings{schuler2011non,
  title={Non-stationary correction of optical aberrations},
  author={Schuler, Christian J and Hirsch, Michael and Harmeling, Stefan and Sch{\"o}lkopf, Bernhard},
  booktitle={Proc. International Conference on Computer Vision (ICCV)},
  pages={659--666},
  year={2011}
}

@article{peng2016diffractive,
  title={The diffractive achromat full spectrum computational imaging with diffractive optics},
  author={Peng, Yifan and Fu, Qiang and Heide, Felix and Heidrich, Wolfgang},
  journal={ACM Transactions on Graphics (TOG)},
  volume={35},
  number={4},
  pages={31},
  year={2016}
}

@inproceedings{Schuler_2013_CVPR,
author = {Schuler, Christian J. and Christopher Burger, Harold and Harmeling, Stefan and Scholkopf, Bernhard},
title = {A Machine Learning Approach for Non-blind Image Deconvolution},
booktitle = {Proc. Computer Vision and Pattern Recognition},
year = {2013}
}


@inproceedings{sun2013edge,
  title={Edge-based blur kernel estimation using patch priors},
  author={Sun, Libin and Cho, Sunghyun and Wang, Jue and Hays, James},
  booktitle={Proc. International Conference on Computational Photography (ICCP)},
  pages={1--8},
  year={2013},
}
@inproceedings{schuler2012blind,
  title={Blind correction of optical aberrations},
  author={Schuler, Christian J and Hirsch, Michael and Harmeling, Stefan and Sch{\"o}lkopf, Bernhard},
  booktitle={Proc. European Conference on Computer Vision (ECCV)},
  pages={187--200},
  year={2012}
}


@article{cho2012image,
  title={Image restoration by matching gradient distributions},
  author={Cho, Taeg Sang and Zitnick, Charles L and Joshi, Neel and Kang, Sing Bing and Szeliski, Richard and Freeman, William T},
  journal={IEEE Transactions on Pattern Analysis and Machine Intelligence (TPAMI)},
  volume={34},
  number={4},
  pages={683--694},
  year={2012}
}


@article{witte2014lensless,
  title={Lensless diffractive imaging with ultra-broadband table-top sources: from infrared to extreme-ultraviolet wavelengths},
  author={Witte, Stefan and Tenner, Vasco T and Noom, Daniel WE and Eikema, Kjeld SE},
  journal={Light: Science and Applications},
  volume={3},
  number={3},
  pages={e163},
  year={2014},
  publisher={Nature Publishing Group}
}

@article{miao2015beyond,
  title={Beyond crystallography: Diffractive imaging using coherent x-ray light sources},
  author={Miao, Jianwei and Ishikawa, Tetsuya and Robinson, Ian K and Murnane, Margaret M},
  journal={Science},
  volume={348},
  number={6234},
  pages={530--535},
  year={2015},
  publisher={American Association for the Advancement of Science}
}



@inproceedings{tao2013depth,
  title={Depth from combining defocus and correspondence using light-field cameras},
  author={Tao, Michael W and Hadap, Sunil and Malik, Jitendra and Ramamoorthi, Ravi},
  booktitle={Proceedings of the IEEE International Conference on Computer Vision},
  pages={673--680},
  year={2013}
}



@article{su2014corruptive,
  title={Corruptive Artifacts Suppression for Example-Based Color Transfer},
  author={Su, Zhuo and Zeng, Kun and Liu, Li and Li, Bo and Luo, Xiaonan},
  journal={IEEE Trans. Multimedia},
  volumeaieta2012aberration={16},
  number={4},
  pages={988--999},
  year={2014},
  publisher={IEEE}
}


@article{aieta2012aberration,
  title={Aberration-free ultrathin flat lenses and axicons at telecom wavelengths based on plasmonic metasurfaces},
  author={Aieta, Francesco and Genevet, Patrice and Kats, Mikhail A and Yu, Nanfang and Blanchard, Romain and Gaburro, Zeno and Capasso, Federico},
  journal={Nano letters},
  volume={12},
  number={9},
  pages={4932--4936},
  year={2012},
  publisher={ACS Publications}
}

%%% Computational Imaging Related

@inproceedings{krishnan2011blind,
  title={Blind deconvolution using a normalized sparsity measure},
  author={Krishnan, Dilip and Tay, Terence and Fergus, Rob},
  booktitle={Proc. Computer Vision and Pattern Recognition},
  pages={233--240},
  year={2011},
  organization={IEEE}
}

@inproceedings{brauers2010direct,
  title={Direct PSF estimation using a random noise target},
  author={Brauers, Johannes and Seiler, Claude and Aach, Til},
  booktitle={IS\&T/SPIE Electronic Imaging},
  pages={75370B--75370B},
  year={2010},
  organization={International Society for Optics and Photonics}
}


@article{lebrun2012analysis,
  title={An analysis and implementation of the BM3D image denoising method},
  author={Lebrun, Marc},
  journal={Image Processing On Line},
  number={2012},
  year={2012}
}


%%% Optimization Theory related

@article{wahlberg2012admm,
  title={An ADMM algorithm for a class of total variation regularized estimation problems},
  author={Wahlberg, Bo and Boyd, Stephen and Annergren, Mariette and Wang, Yang},
  journal={arXiv preprint arXiv:1203.1828},
  year={2012}
}

@article{zhang2010bregmanized,
  title={Bregmanized nonlocal regularization for deconvolution and sparse reconstruction},
  author={Zhang, Xiaoqun and Burger, Martin and Bresson, Xavier and Osher, Stanley},
  journal={SIAM Journal on Imaging Sciences},
  volume={3},
  number={3},
  pages={253--276},
  year={2010},
  publisher={SIAM}
}

@book{boyd2004convex,
  title={Convex optimization},
  author={Boyd, Stephen P and Vandenberghe, Lieven},
  year={2004},
  publisher={Cambridge University Press}
}


% Hologram related...
@article{shimobaba2015random,
  title={Random phase-free computer-generated hologram},
  author={Shimobaba, Tomoyoshi and Ito, Tomoyoshi},
  journal={Optics Express},
  volume={23},
  number={7},
  pages={9549--9554},
  year={2015},
  publisher={Optical Society of America}
}


%%% fabrication related...


@article{damberg2015efficient,
  title={Efficient freeform lens optimization for computational caustic displays},
  author={Damberg, Gerwin and Heidrich, Wolfgang},
  journal={Optics Express},
  volume={23},
  number={8},
  pages={10224--10232},
  year={2015},
  publisher={Optical Society of America}
}

@incollection{sinzinger2006planar,
  title={Planar Microoptical Systems for Correlation and Security Applications},
  author={Sinzinger, Stefan and Jahns, J{\"u}rgen and Daria, Vincent R and Gl{\"u}ckstad, Jesper},
  booktitle={Optical Imaging Sensors and Systems for Homeland Security Applications},
  pages={339--366},
  year={2006},
  publisher={Springer}
}

@article{dowski1995extended,
  title={Extended depth of field through wave-front coding},
  author={Dowski, Edward R and Cathey, W Thomas},
  journal={Applied optics},
  volume={34},
  number={11},
  pages={1859--1866},
  year={1995},
  publisher={Optical Society of America}
}

@article{cohen2014enhancing,
  title={Enhancing the performance of the light field microscope using wavefront coding},
  author={Cohen, Noy and Yang, Samuel and Andalman, Aaron and Broxton, Michael and Grosenick, Logan and Deisseroth, Karl and Horowitz, Mark and Levoy, Marc},
  journal={Optics express},
  volume={22},
  number={20},
  pages={24817--24839},
  year={2014},
  publisher={Optical Society of America}
}

@article{odena2016deconvolution,
  title={Deconvolution and checkerboard artifacts},
  author={Odena, Augustus and Dumoulin, Vincent and Olah, Chris},
  journal={Distill},
  volume={1},
  number={10},
  pages={e3},
  year={2016}
}

@misc{IMX390CQV,
  author = {IMX390CQV},
  title = {Sony IMX390CQV Sensor},
  year = 2018,
  url = {https://www.sony.net/SonyInfo/News/Press/201704/17-034E/index.html},
  urldate = {2018-24-10}
}

@inproceedings{wilburn2005high,
  title={High performance imaging using large camera arrays},
  author={Wilburn, Bennett and Joshi, Neel and Vaish, Vaibhav and Talvala, Eino-Ville and Antunez, Emilio and Barth, Adam and Adams, Andrew and Horowitz, Mark and Levoy, Marc},
  booktitle={ACM Transactions on Graphics (TOG)},
  volume={24},
  number={3},
  pages={765--776},
  year={2005},
  organization={ACM}
}

@misc{LightL16,
  author = {Light.co},
  title = {Light L16 Camera},
  year = 2018,
  url = {https://light.co},
  urldate = {2018-24-10}
}

@article{venkataraman2013picam,
  title={Picam: An ultra-thin high performance monolithic camera array},
  author={Venkataraman, Kartik and Lelescu, Dan and Duparr{\'e}, Jacques and McMahon, Andrew and Molina, Gabriel and Chatterjee, Priyam and Mullis, Robert and Nayar, Shree},
  journal={ACM Transactions on Graphics (TOG)},
  volume={32},
  number={6},
  pages={166},
  year={2013},
  publisher={ACM}
}

@inproceedings{davis2012unstructured,
  title={Unstructured light fields},
  author={Davis, Abe and Levoy, Marc and Durand, Fredo},
  booktitle={Computer Graphics Forum},
  volume={31},
  number={2pt1},
  pages={305--314},
  year={2012},
  organization={Wiley Online Library}
}

@article{liu2014fast,
  title={Fast burst images denoising},
  author={Liu, Ziwei and Yuan, Lu and Tang, Xiaoou and Uyttendaele, Matt and Sun, Jian},
  journal={ACM Transactions on Graphics (TOG)},
  volume={33},
  number={6},
  pages={232},
  year={2014},
  publisher={ACM}
}

@article{brown2007automatic,
  title={Automatic panoramic image stitching using invariant features},
  author={Brown, Matthew and Lowe, David G},
  journal={International journal of computer vision},
  volume={74},
  number={1},
  pages={59--73},
  year={2007},
  publisher={Springer}
}

@misc{MobilEye-Tricam,
  author = {MobilEye},
  title = {MobileEye TriCam},
  year = 2018,
  url = {https://press.zf.com/site/press/en_de/microsites/press/list/release/release_41735.html},
  urldate = {2018-24-10}
}

@inproceedings{michaeli2014blind,
  title={Blind deblurring using internal patch recurrence},
  author={Michaeli, Tomer and Irani, Michal},
  booktitle={European Conference on Computer Vision},
  pages={783--798},
  year={2014},
  organization={Springer}
}

@inproceedings{gulrajani2017improved,
  title={Improved training of wasserstein gans},
  author={Gulrajani, Ishaan and Ahmed, Faruk and Arjovsky, Martin and Dumoulin, Vincent and Courville, Aaron C},
  booktitle={Advances in Neural Information Processing Systems},
  pages={5767--5777},
  year={2017}
}

@article{emva1288,
  title={1288: Standard for characterization and presentation of specification data for image sensors and cameras},
  author={{EMVA Standard}},
  journal={European Machine Vision Association},
  year={2005}
}

@inproceedings{estribeau2004fast,
  title={Fast MTF measurement of CMOS imagers using ISO 12333 slanted-edge methodology},
  author={Estribeau, Magali and Magnan, Pierre},
  booktitle={Detectors and Associated Signal Processing},
  volume={5251},
  pages={243--253},
  year={2004},
  organization={International Society for Optics and Photonics}
}

@article{mittal2012no,
  title={No-reference image quality assessment in the spatial domain},
  author={Mittal, Anish and Moorthy, Anush Krishna and Bovik, Alan Conrad},
  journal={IEEE Transactions on Image Processing},
  volume={21},
  number={12},
  pages={4695--4708},
  year={2012},
  publisher={IEEE}
}

@article {Geese_CDP,
title = "Detection Probabilities: Performance Prediction for Sensors of Autonomous Vehicles",
journal = "Electronic Imaging",
parent_itemid = "infobike://ist/ei",
publishercode ="ist",
year = "2018",
volume = "2018",
number = "17",
pages = "148-1-148-14",
itemtype = "ARTICLE",
issn = "2470-1173",
eissn = "2470-1173",
keyword = "autonomous vehicle imaging systems, contrast detection probability, IEEE P2020",
author = {Geese, Marc and Seger, Ulrich and Paolillo, Alfredo},
}

@article{arjovsky2017wasserstein,
  title={Wasserstein gan},
  author={Arjovsky, Martin and Chintala, Soumith and Bottou, L{\'e}on},
  journal={arXiv preprint arXiv:1701.07875},
  year={2017}
}

@inproceedings{bengio2012deep,
  title={Deep learning of representations for unsupervised and transfer learning},
  author={Bengio, Yoshua},
  booktitle={Proceedings of ICML Workshop on Unsupervised and Transfer Learning},
  pages={17--36},
  year={2012}
}

@article{huh2016makes,
  title={What makes ImageNet good for transfer learning?},
  author={Huh, Minyoung and Agrawal, Pulkit and Efros, Alexei A},
  journal={arXiv preprint arXiv:1608.08614},
  year={2016}
}

@article{ram:05,
title={Color image processing pipeline in digital still cameras},
author={Rajeev  Ramanath and Wesley Snyder and Youngjun Yoo and Mark Drew},
journal={IEEE Signal Processing Magazine},
volume=22,
number=1,
pages={34--43},
year=2005
}


@article{chen2018learning,
  title={Learning to See in the Dark},
  author={Chen, Chen and Chen, Qifeng and Xu, Jia and Koltun, Vladlen},
  booktitle={Proc. Computer Vision and Pattern Recognization (CVPR)},
  organization={IEEE},
  year={2018}
}

@inproceedings{goodfellow2014generative,
  title={Generative adversarial nets},
  author={Goodfellow, Ian and Pouget-Abadie, Jean and Mirza, Mehdi and Xu, Bing and Warde-Farley, David and Ozair, Sherjil and Courville, Aaron and Bengio, Yoshua},
  booktitle={Advances in neural information processing systems},
  pages={2672--2680},
  year={2014}
}

@article{changaccelerating,
  title={Accelerating Recurrent Neural Networks through Compiler Techniques and Quantization},
  author={Chang, Li-Wen and Chen, Yang and Bao, Wenlei and Agarwal, Amit and Akchurin, Eldar and Deng, Ke and Barsoum, Emad},
    year={2018}
}

@article{zhang2000flexible,
  title={A flexible new technique for camera calibration},
  author={Zhang, Zhengyou},
  journal={IEEE Transactions on pattern analysis and machine intelligence},
  volume={22},
  year={2000}
}

@article{hecht1998hecht,
  title={Hecht optics},
  author={Hecht, Eugene},
  journal={Addison Wesley},
  volume={997},
  pages={213--214},
  year={1998}
}

@article{pix2pix2017,
  title={Image-to-Image Translation with Conditional Adversarial Networks},
  author={Isola, Phillip and Zhu, Jun-Yan and Zhou, Tinghui and Efros, Alexei A},
  journal={CVPR},
  year={2017}
}

@article{chang2018hybrid,
	title={Hybrid optical-electronic convolutional neural networks with optimized diffractive optics for image classification},
	author={Chang, Julie and Sitzmann, Vincent and Dun, Xiong and Heidrich, Wolfgang and Wetzstein, Gordon},
	journal={Scientific reports},
	volume={8},
	number={1},
	pages={12324},
	year={2018},
	publisher={Nature Publishing Group}
}

@article{chang2019deep,
  title={Deep Optics for Monocular Depth Estimation and 3D Object Detection},
  author={Chang, Julie and Wetzstein, Gordon},
  journal={arXiv preprint arXiv:1904.08601},
  year={2019}
}

@INPROCEEDINGS{Wu:2019, 
author={Yicheng Wu and Vivek Boominathan and Huaijin Chen and Aswin Sankaranarayanan and Ashok Veeraraghavan}, 
booktitle={Proc. ICCP}, 
title={PhaseCam3D -- Learning Phase Masks for Passive Single View Depth Estimation}, 
year={2019}
}

@ARTICLE{Haim:2018, 
author={Hrel Haim and Shay Elmalem and Raja Giryes and Alex M. Bronstein and Emanuel Marom}, 
journal={IEEE Trans. Computational Imaging}, 
title={Depth Estimation From a Single Image Using Deep Learned Phase Coded Mask}, 
year={2018}, 
volume={4}, 
number={3}, 
pages={298-310}, 
}

